@book{vdg,
 ISBN = {9780691203690},
 URL = {http://www.jstor.org/stable/j.ctv1cmsmx5},
 author = {Tristan Needham},
 publisher = {Princeton University Press},
 title = {Visual Differential Geometry and Forms: A Mathematical Drama in Five Acts},
 urldate = {2022-12-14},
 year = {2021}
}

@book{tmih,
  title={Topological Methods in Hydrodynamics},
  author = {Vladimir I. Arnold, Boris A. Khesin},
  publisher = {Springer},
  year = {2021},
  edition={2}
}

@book{LeeRM,
series = {Graduate texts in mathematics ; 176},
publisher = {Springer},
booktitle = {Riemannian manifolds : an introduction to curvature},
isbn = {9780387227269},
year = {1997},
title = {Riemannian manifolds : an introduction to curvature [electronic resource]},
language = {eng},
address = {New York},
author = {Lee, John M.},
keywords = {Riemannian manifolds}
}

@book{Tu,
  title={Introduction to Manifolds},
  author = {Loring W. Tu},
  publisher = {Springer},
  year = {2011},
  doi = {https://doi.org/10.1007/978-1-4419-7400-6}
}

@book{holm,
author = {Holm, Darryl and Schmah, Tanya and Stoica, Cristina},
year = {2009},
month = {01},
title = {Geometric Mechanics and Symmetry: From Finite to Infinite Dimensions}}


@thesis{arthur,
  title={Lie Groups and Applications in Geometric Mechanics},
  author={James Arthur},
  type={Bachelor's Thesis},
  institution={University of Exeter},
  note={Supervised by Dr Hamid Alemi Ardakani}
}

@article{DBD,
author = {Anthony Bloch and P. S. Krishnaprasad and Jerrold E. Marsden and Tudor S. Ratiu},
title = {{The Euler-Poincaré equations and double bracket dissipation}},
volume = {175},
journal = {Communications in Mathematical Physics},
number = {1},
publisher = {Springer},
pages = {1 -- 42},
year = {1996},
}

@misc{holm1998eulerpoincare,
      title={The Euler-Poincare Equations and Semidirect Products with Applications to Continuum Theories},
      author={D. D. Holm and J. E. Marsden and T. S. Ratiu},
      year={1998},
      journal={Advances in Mathematics},
      publisher={Springer}
}

@book{imas,
author = {Marsden, Jerrold E. and Ratiu, Tudor S.},
title = {Introduction to Mechanics and Symmetry: A Basic Exposition of Classical Mechanical Systems},
year = {2010},
isbn = {1441931430},
publisher = {Springer Publishing Company, Incorporated},
}

@article{vanneste_2021,
 title={Vortex dynamics on a Möbius strip},
 volume={923},
 DOI={10.1017/jfm.2021.581},
 journal={Journal of Fluid Mechanics},
 publisher={Cambridge University Press},
 author={Vanneste, Jacques},
 year={2021},
 pages={A12}
}

@report{arthur_mmb,
  title={Getting Groovy with the Hamiltons: A Force-Height relation in AFM},
  author={Arthur, James},
  institution = {University of Oxford},
  year = {2023}
}
@report{arthur_diffmans,
  title={Connections on Vector Bundles: The Gateway to Curvature and Applications},
  author={Arthur, James},
  institution = {University of Oxford},
  year = {2023}
}
@report{arthir_fems,
  title={Mimetic Schemes, Geometry and Conservation: Putting GungHo to shame},
  author={Arthur, James},
  institution = {University of Oxford},
  year = {2023}
}

@report{hamil_pdes,
  title = {Numerical Methods for Hamiltonian PDEs},
  author = {T. Bridges, S. Reich},
  institution = {University of Surrey},
  year = {2006}
}

@misc{cotter2005general,
      title={A General Approach for Producing Hamiltonian Numerical Schemes for Fluid Equations},
      author={Colin Cotter},
      year={2005},
      eprint={math/0501468},
      archivePrefix={arXiv},
      primaryClass={math.NA}
}

@article{1_plus_1_fluids_pdes,
	doi = {10.1137/s1111111102410943},
	url = {https://doi.org/10.1137%2Fs1111111102410943},
	year = 2003,
	month = {jan},
	publisher = {Society for Industrial {\&} Applied Mathematics ({SIAM})},
	volume = {2},
	number = {3},
	pages = {323--380},
	author = {Darryl D. Holm and Martin F. Staley},
	title = {Wave Structure and Nonlinear Balances in a Family of Evolutionary {PDEs}},
	journal = {{SIAM} Journal on Applied Dynamical Systems}
}

@misc{pavlov2010structurepreserving,
      title={Structure-Preserving Discretization of Incompressible Fluids},
      author={Dmitry Pavlov and Patrick Mullen and Yiying Tong and Eva Kanso and Jerrold E. Marsden and Mathieu Desbrun},
      year={2010},
      eprint={0912.3989},
      archivePrefix={arXiv},
      primaryClass={math.DS}
}


@book{gary_fluids,
  title = {Magnetohydrodynamics and Fluid Dynamics: Action Principles and Conservation Laws},
  author = {Gary Webb},
  ISBN={978-3-319-72511-6},
  year={2018},
  publisher={Springer}
}

@misc{gaybalmaz2009geometric,
      title={The Geometric Structure of Complex Fluids},
      author={François Gay-Balmaz and Tudor S. Ratiu},
      year={2009},
      eprint={0903.4294},
      archivePrefix={arXiv},
      primaryClass={math-ph}
}

@misc{vasylkevych2007liepoisson,
      title={The Lie-Poisson Structure of the Euler Equations of an Ideal Fluid},
      author={Sergiy Vasylkevych and Jerrold E. Marsden},
      year={2007},
      eprint={0711.4875},
      archivePrefix={arXiv},
      primaryClass={math.AP}
}

@article{Kolev_2007,
	doi = {10.3934/dcds.2007.19.555},
	url = {https://doi.org/10.3934%2Fdcds.2007.19.555},
	year = {2007},
	publisher = {American Institute of Mathematical Sciences ({AIMS})},
	volume = {19},
	number = {3},
	pages = {555--574},
	author = {Boris Kolev},
	title = {Poisson brackets in Hydrodynamics},
	journal = {Discrete {\&} Continuous Dynamical Systems - A}
}

@misc{ep_gfd,
      title={The Euler-Poincare Equations in Geophysical Fluid Dynamics},
      author={Darryl D. Holm and Jerrold E. Marsden and Tudor S. Ratiu},
      year={1999},
      eprint={chao-dyn/9903035},
      archivePrefix={arXiv},
      primaryClass={chao-dyn}
}

@misc{joyce2010manifolds,
      title={On manifolds with corners},
      author={Dominic Joyce},
      year={2010},
      eprint={0910.3518},
      archivePrefix={arXiv},
      primaryClass={math.DG}
}

@article{marsden1999geometry,
      title={The geometry and analysis of the averaged Euler equations and a new diffeomorphism group},
      author={J. E. Marsden and T. S. Ratiu and S. Shkoller},
      year={2000},
      journal={Geometric Functional Analysis}
}

@misc{shkoller2000incompressible,
      title={On Incompressible Averaged Lagrangian Hydrodynamics},
      author={Steve Shkoller},
      year={2000},
      eprint={math/9908109},
      archivePrefix={arXiv},
      primaryClass={math.AP}
}

@article{diffeost,
  title = {Groups of Diffeomorphisms and the Motion of an Incompressible Fluid},
  journal = {Annals of Mathematics},
  author = {David G. Ebin and Jerrold Marsden},
  year = {1970}
}

@article{Noether1918,
author = {Noether, E.},
journal = {Nachrichten von der Gesellschaft der Wissenschaften zu Göttingen, Mathematisch-Physikalische Klasse},
language = {ger},
pages = {235-257},
title = {Invariante Variationsprobleme},
url = {http://eudml.org/doc/59024},
volume = {1918},
year = {1918},
}

@article{Zackharov_bkt,
author = {Zakharov, V.E},
title = {Stability of periodic waves of finite amplitude on the surface of a deep fluid},
journal = {Journal of Applied Mechanics},
year = {1968}
}

@misc{izosimov2017classification,
      title={Classification of Casimirs in 2D hydrodynamics},
      author={Anton Izosimov and Boris Khesin},
      year={2017},
      eprint={1702.01843},
      archivePrefix={arXiv},
      primaryClass={math.SG}
}

@book{hatcher,
      author        = "Hatcher, Allen",
      title         = "{Algebraic topology}",
      publisher     = "Cambridge Univ. Press",
      address       = "Cambridge",
      year          = "2000",
      url           = "https://pi.math.cornell.edu/~hatcher/AT/AT+.pdf",
}

@article{eppcf,
  title = {Euler-Poincaré Dynamics of Perfect Complex Fluids},
  author = {Darryl D. Holm},
  journal = {Geometry, Mechanics, and Dynamics},
  year = {2002},
  doi = {https://doi.org/10.1007/0-387-21791-6_4}
}

@book{frankel,
  title = {Geometry of Physics},
  author = {Theodore Frankel},
  publisher = {Cambridge University Press},
  year = {2011},
  doi = {https://doi.org/10.1017/CBO9781139061377}
}


@article{alemi_ardakani_2019,
  title={A variational principle for three-dimensional interactions between water waves and a floating rigid body with interior fluid motion},
  volume={866},
  DOI={10.1017/jfm.2019.107},
  journal={Journal of Fluid Mechanics},
  publisher={Cambridge University Press},
  author={Alemi Ardakani, Hamid},
  year={2019},
  pages={630-659}}

@article{hamid_sloshing,
author = {Ardakani, H. Alemi  and Bridges, T. J.  and Gay-Balmaz, F.  and Huang, Y. H.  and Tronci, C. },
title = {A variational principle for fluid sloshing with vorticity, dynamically coupled to vessel motion},
journal = {Proceedings of the Royal Society A: Mathematical, Physical and Engineering Sciences},
volume = {475},
number = {2224},
year = {2019},
doi = {10.1098/rspa.2018.0642},
URL = {https://royalsocietypublishing.org/doi/abs/10.1098/rspa.2018.0642}}


@article{tatclg,
  title = {Towards a Lie theory for locally convex groups},
  author = {Karl-Hermann Neeb},
  journal = {Japanese Journal of Mathematics},
  year = {2006},
  doi = {https://doi.org/10.1007/s11537-006-0606-y}
}